<record><leader>00000cas a22000007a 4500</leader><controlfield tag="001">15471281</controlfield><controlfield tag="008">870401d19041916inudn ne      0    0eng d</controlfield><datafield ind1=" " ind2=" " tag="010"><subfield code="a">sn 87055787 </subfield></datafield><datafield ind1=" " ind2=" " tag="040"><subfield code="a">NPI</subfield><subfield code="b">eng</subfield><subfield code="c">NPI</subfield><subfield code="d">OCLCQ</subfield></datafield><datafield ind1=" " ind2=" " tag="042"><subfield code="a">msc</subfield></datafield><datafield ind1="0" ind2=" " tag="130"><subfield code="a">Warsaw daily union (Warsaw, Ind. : 1904)</subfield></datafield><datafield ind1="1" ind2="0" tag="245"><subfield code="a">Warsaw daily union.</subfield></datafield><datafield ind1=" " ind2=" " tag="260"><subfield code="a">Warsaw, Ind. :</subfield><subfield code="b">Smith Printery,</subfield><subfield code="c">1904-1916.</subfield></datafield><datafield ind1=" " ind2=" " tag="310"><subfield code="a">Daily (except Sun.)</subfield></datafield><datafield ind1="0" ind2=" " tag="362"><subfield code="a">Vol. 1, no. 1 (Sept. 6, 1904)-v. 8, no. 84 (Dec. 12, 1911) ; 8th year (Dec. 13, 1911)-12th year (Jan. 1, 1916).</subfield></datafield><datafield ind1=" " ind2=" " tag="580"><subfield code="a">Also published in a weekly ed. called: Warsaw union.</subfield></datafield><datafield ind1=" " ind2=" " tag="752"><subfield code="a">United States</subfield><subfield code="b">Indiana</subfield><subfield code="c">Kosciusko</subfield><subfield code="d">Warsaw.</subfield></datafield><datafield ind1="1" ind2=" " tag="775"><subfield code="t">Warsaw union (Warsaw, Ind.: Weekly : 1901)</subfield><subfield code="w">(DLC)sn 87055841</subfield></datafield><datafield ind1="0" ind2="0" tag="785"><subfield code="t">Warsaw union (Warsaw, Ind. : Daily)</subfield><subfield code="w">(DLC)sn 87055788</subfield></datafield></record>